@misc{w3c,
  title = {Web Cryptography API},
  howpublished = {\url{https://www.w3.org/TR/2012/WD-WebCryptoAPI-20120913/}},
  note = {Accessed: 2022-04-25}
}

@misc{exp,
  title = {Fast, unopinionated, minimalist web framework for Node.js},
  howpublished = {\url{https://expressjs.com/}},
  note = {Accessed: 2022-04-20}
}

@misc{aes,
    title = {The AES-CBC Cipher Algorithm and Its Use with IPsec},
    howpublished = {\url{https://www.ietf.org/rfc/rfc3602.txt}},
    note = {Accessed: 2022-04-20}
}

@misc{moz,
  title = {Web Crypto API},
  howpublished = {\url{https://developer.mozilla.org/en-US/docs/Web/API/Web_Crypto_API}},
  note = {Accessed: 2022-04-25}
}

@misc{rsa,
    title = {Optimal Asymmetric Encryption - How to Encrypt with RSA},
    howpublished = {\url{https://cseweb.ucsd.edu/~mihir/papers/oaep.pdf}},
    note = {Accessed: 2022-04-20}
}
    